<record><leader>00000cas a22000007a 4500</leader><controlfield tag="001">34200341</controlfield><controlfield tag="008">960215d19091913okudn n       0    0eng d</controlfield><datafield ind1=" " ind2=" " tag="010"><subfield code="a">sn 96087522 </subfield></datafield><datafield ind1=" " ind2=" " tag="040"><subfield code="a">OBN</subfield><subfield code="b">eng</subfield><subfield code="c">OBN</subfield><subfield code="d">OCLCQ</subfield><subfield code="d">OCLCF</subfield><subfield code="d">OCLCO</subfield></datafield><datafield ind1="1" ind2=" " tag="029"><subfield code="a">AU@</subfield><subfield code="b">000025919818</subfield></datafield><datafield ind1=" " ind2=" " tag="042"><subfield code="a">msc</subfield></datafield><datafield ind1=" " ind2=" " tag="043"><subfield code="a">n-us-ok</subfield></datafield><datafield ind1="0" ind2="0" tag="245"><subfield code="a">Sapulpa evening light.</subfield></datafield><datafield ind1="3" ind2=" " tag="246"><subfield code="a">Sapulpa light</subfield></datafield><datafield ind1="3" ind2=" " tag="246"><subfield code="a">Sapulpa Sunday light</subfield></datafield><datafield ind1=" " ind2=" " tag="260"><subfield code="a">Sapulpa, Okla. :</subfield><subfield code="b">Sapulpa Pub. Co.</subfield></datafield><datafield ind1=" " ind2=" " tag="300"><subfield code="a">v.</subfield></datafield><datafield ind1=" " ind2=" " tag="310"><subfield code="a">Daily (except Sun.),</subfield><subfield code="b">June 18, 1910-1913</subfield></datafield><datafield ind1=" " ind2=" " tag="321"><subfield code="a">Daily (except Sat.),</subfield><subfield code="b">Apr. 10, 1910-June 12, 1910</subfield></datafield><datafield ind1=" " ind2=" " tag="321"><subfield code="a">Daily (except Sun.),</subfield><subfield code="b">Dec. 30, 1909-Apr. 8, 1910</subfield></datafield><datafield ind1="0" ind2=" " tag="362"><subfield code="a">Vol. 3, no. 54 (Dec. 30, 1909)-</subfield></datafield><datafield ind1="1" ind2=" " tag="362"><subfield code="a">Ceased in 1913.</subfield></datafield><datafield ind1=" " ind2=" " tag="500"><subfield code="a">On Sundays published as: Sapulpa Sunday light, Apr. 10-June 12, 1910.</subfield></datafield><datafield ind1=" " ind2=" " tag="580"><subfield code="a">Weekly ed.: Sapulpa light (Sapulpa, Okla. : Weekly.</subfield></datafield><datafield ind1=" " ind2="0" tag="651"><subfield code="a">Sapulpa (Okla.)</subfield><subfield code="v">Newspapers.</subfield></datafield><datafield ind1=" " ind2="0" tag="651"><subfield code="a">Creek County (Okla.)</subfield><subfield code="v">Newspapers.</subfield></datafield><datafield ind1=" " ind2="7" tag="655"><subfield code="a">Newspapers.</subfield><subfield code="2">fast</subfield><subfield code="0">(OCoLC)fst01423814</subfield></datafield><datafield ind1=" " ind2="7" tag="651"><subfield code="a">Oklahoma</subfield><subfield code="z">Creek County.</subfield><subfield code="2">fast</subfield><subfield code="0">(OCoLC)fst01221598</subfield></datafield><datafield ind1=" " ind2="7" tag="651"><subfield code="a">Oklahoma</subfield><subfield code="z">Sapulpa.</subfield><subfield code="2">fast</subfield><subfield code="0">(OCoLC)fst01220630</subfield></datafield><datafield ind1=" " ind2=" " tag="752"><subfield code="a">United States</subfield><subfield code="b">Oklahoma</subfield><subfield code="c">Creek</subfield><subfield code="d">Sapulpa.</subfield></datafield><datafield ind1="0" ind2=" " tag="775"><subfield code="t">Sapulpa light (Sapulpa, Okla. : Weekly)</subfield><subfield code="w">(DLC)sn 96087521</subfield></datafield><datafield ind1="0" ind2="0" tag="780"><subfield code="t">Sapulpa light (Sapulpa, Okla. : Daily)</subfield><subfield code="w">(DLC)sn 96087523</subfield><subfield code="w">(OCoLC)34200257</subfield></datafield><datafield ind1="0" ind2="0" tag="785"><subfield code="t">Sapulpa daily argus</subfield><subfield code="w">(DLC)sn 96087525</subfield><subfield code="w">(OCoLC)34200378</subfield></datafield></record>